@online{ref:whatisflask,
    title = {What is Flask Python},
    url = {https://www.pythonbasics.org/what-is-flask-python/},
    date = {2021},

}

@online{ref:nodevsflask,
    author={Michael Abiola},
    date={2023},
    title={Node.js vs. Flask: Key Advantages, Disadvantages, and Differences},
    url={https://hostadvice.com/blog/web-hosting/node-js/node-js-vs-flask/},
}

@online{ref:gunicorn,
    author = {Serdar Ilarslan},
    date = {2022},
    title = {What is Gunicorn?},
    url = {https://medium.com/@serdarilarslan/what-is-gunicorn-5e674fff131b}
}

@online{ref:nginx,
    author = {Knista},
    title={What is Nginx? A Basic Look at What It Is and How It Works},
    url={https://kinsta.com/knowledgebase/what-is-nginx/},
    date={2022}
}

@online{ ref:restapi,
    author = {RedHat},
    title={What is a REST API?},
    url={https://www.redhat.com/en/topics/api/what-is-a-rest-api},
    date={2020}
}

@online{ref:pendulum,
    title = {Inverted Pendulum: System Modeling},
    url = {https://ctms.engin.umich.edu/CTMS/index.php?example=InvertedPendulum&section=SystemModeling},
    urldate = {2023}
}

@online{ref:angular_router,
    title={Common Routing Tasks},
    url={https://angular.io/guide/router},
    date={2023},
    urldate={22-05-2023}
}

@online{ref:twojs,
    title={Two.js Documentation},
    url={https://two.js.org/docs/two/},
    date={2023},
    urldate={22-05-2023}
}

@online{ref:threejs,
    title={Three.js Documentation},
    url={https://threejs.org/docs/},
    date={2023},
    urldate={30-05-2023}
}

@online{ref:angular_material,
    titl={Angular Material Documentation},
    url={https://material.angular.io/},
    date={2023},
    urldate={25-05-2023}
}

@online{ref:eebalancebug,
    author={Hackan Merdan},
    title={EEEBalanceBug Repository},
    url={https://github.com/hakanmerdan/EEEBalanceBug},
    date={2023}

}
    `'
@online{ref:fpga_starter,
    author={Edward Stott},
    title={FPGA Starter System Documentation},
    url={https://github.com/edstott/EEE2Rover/blob/master/doc/FPGA-system.md},
    date={2023}
}
